<record xmlns="http://www.loc.gov/MARC21/slim" xmlns:xsi="http://www.w3.org/2001/XMLSchema-instance" xsi:schemaLocation="http://www.loc.gov/MARC21/slim http://www.loc.gov/standards/marcxml/schema/MARC21slim.xsd"><leader>01584nam a2200337   4500</leader><controlfield tag="001">001699417</controlfield><controlfield tag="003">NNU</controlfield><controlfield tag="006">m        d        </controlfield><controlfield tag="007">cr cn |||m|||a</controlfield><controlfield tag="008">150223m19399999ua c    o     000 0 ara d</controlfield><datafield ind1=" " ind2=" " tag="040"><subfield code="a">NNU</subfield><subfield code="b">eng</subfield><subfield code="c">NNU</subfield></datafield><datafield ind1=" " ind2=" " tag="066"><subfield code="c">(3</subfield></datafield><datafield ind1=" " ind2=" " tag="090"><subfield code="a">PN6519.A7</subfield><subfield code="b">.R3</subfield></datafield><datafield ind1="1" ind2=" " tag="100"><subfield code="6">880-01</subfield><subfield code="a">R&#257;ghib, F&#257;yqah &#7716;usayn.</subfield></datafield><datafield ind1="1" ind2="0" tag="245"><subfield code="6">880-02</subfield><subfield code="a">&#7716;ad&#257;&#700;iq al-amth&#257;l al-&#699;&#257;mm&#299;yah</subfield><subfield code="h">[electronic resource] /</subfield><subfield code="c">jam&#699; wa-shar&#7717; wa-tart&#299;b F&#257;&#700;iqah &#7716;usayn R&#257;ghib &#7717;aram Raf&#299;q Fat&#7717;&#299; bik.</subfield></datafield><datafield ind1=" " ind2=" " tag="250"><subfield code="6">880-03</subfield><subfield code="a">al-&#7788;ab&#699;ah 1.</subfield></datafield><datafield ind1=" " ind2=" " tag="260"><subfield code="6">880-04</subfield><subfield code="a">al-Q&#257;hirah :</subfield><subfield code="b">Ma&#7789;ba&#699;at Am&#299;n &#699;Abd al-Ra&#7717;m&#257;n,</subfield><subfield code="c">1939-</subfield></datafield><datafield ind1=" " ind2=" " tag="300"><subfield code="a">online resource (2 v. in 1.) :</subfield><subfield code="b">port.</subfield></datafield><datafield ind1=" " ind2=" " tag="500"><subfield code="a">Part of the Arabic Collections Online (ACO) project, contributed by New York Univeristy Libraries.</subfield></datafield><datafield ind1=" " ind2=" " tag="533"><subfield code="a">Electronic reproduction.</subfield><subfield code="b">New York, N.Y. :</subfield><subfield code="c">New York University,</subfield><subfield code="d">2015.</subfield><subfield code="5">NNU</subfield></datafield><datafield ind1=" " ind2="0" tag="650"><subfield code="a">Proverbs, Arabic.</subfield></datafield><datafield ind1="2" ind2=" " tag="710"><subfield code="a">New York University.</subfield><subfield code="b">Libraries.</subfield></datafield><datafield ind1="0" ind2=" " tag="730"><subfield code="a">Arabic Collections Online.</subfield></datafield><datafield ind1="0" ind2="8" tag="776"><subfield code="i">Print version:</subfield><subfield code="a">R&#257;ghib, F&#257;yqah &#7716;usayn.</subfield><subfield code="t">&#7716;ad&#257;&#700;iq al-amth&#257;l al-&#699;&#257;mm&#299;yah</subfield><subfield code="w">(NNU)001699417</subfield></datafield><datafield ind1="4" ind2="0" tag="856"><subfield code="u">http://hdl.handle.net/2333.1/mkkwh9b0</subfield></datafield><datafield ind1="1" ind2=" " tag="880"><subfield code="6">100-01/</subfield><subfield code="a">&#1585;&#1575;&#1594;&#1576;&#1548; &#1601;&#1575;&#1610;&#1602;&#1577; &#1581;&#1587;&#1610;&#1606;.</subfield></datafield><datafield ind1="1" ind2="0" tag="880"><subfield code="6">245-02/</subfield><subfield code="a">&#1581;&#1583;&#1575;&#1574;&#1602; &#1575;&#1604;&#1575;&#1605;&#1579;&#1575;&#1604; &#1575;&#1604;&#1593;&#1575;&#1605;&#1610;&#1577; /</subfield><subfield code="c">&#1580;&#1605;&#1593; &#1608;&#1588;&#1585;&#1581; &#1608;&#1578;&#1585;&#1578;&#1610;&#1576; &#1601;&#1575;&#1610;&#1602;&#1577; &#1581;&#1587;&#1610;&#1606; &#1585;&#1575;&#1594;&#1576; .</subfield></datafield><datafield ind1=" " ind2=" " tag="880"><subfield code="6">250-03/</subfield><subfield code="a">&#1575;&#1604;&#1591;&#1576;&#1593;&#1577; &#1633;.</subfield></datafield><datafield ind1=" " ind2=" " tag="880"><subfield code="6">260-04/</subfield><subfield code="a">&#1575;&#1604;&#1602;&#1575;&#1607;&#1585;&#1607; :</subfield><subfield code="b">&#1605;&#1591;&#1576;&#1593;&#1577; &#1575;&#1605;&#1610;&#1606; &#1593;&#1576;&#1583;&#1575;&#1604;&#1585;&#1581;&#1605;&#1606;&#1548;</subfield><subfield code="c">&#1633;&#1641;&#1635;&#1641;-</subfield></datafield><datafield ind1=" " ind2=" " tag="959"><subfield code="a">NNU</subfield><subfield code="b">WEB</subfield><subfield code="c">GENI</subfield><subfield code="t">0</subfield><subfield code="m">Electronic access</subfield><subfield code="s">01</subfield></datafield><datafield ind1=" " ind2=" " tag="999"><subfield code="i">NNU_001699417</subfield><subfield code="s">nyu_aco000132</subfield></datafield></record>